@InProceedings{dudebout_shamma:2014,
  author       = "Dudebout, Nicolas and Shamma, Jeff S.",
  title        = "Exogenous Empirical-evidence Equilibria in Perfect-monitoring Repeated Games Yield Correlated Equilibria",
  booktitle    = "53rd IEEE Conference on Decision and Control",
  year         = 2014,
  month        = dec
}
